<collection>
<record>
<leader>04972cpcaa22006377i 4500</leader>
<controlfield tag="001">22420563</controlfield>
<controlfield tag="005">20240814144403.0</controlfield>
<controlfield tag="008">220211i19761992xx eng </controlfield>
<datafield ind1=" " ind2=" " tag="906">
<subfield code="a">7</subfield>
<subfield code="b">cbc</subfield>
<subfield code="c">orignew</subfield>
<subfield code="d">u</subfield>
<subfield code="e">ncip</subfield>
<subfield code="f">20</subfield>
<subfield code="g">y-folklife</subfield>
</datafield>
<datafield ind1=" " ind2=" " tag="955">
<subfield code="a">jhock 2022-02-11</subfield>
<subfield code="a">masmit 2022-12-08</subfield>
<subfield code="a">masmit 2022-12-29</subfield>
<subfield code="a">mseg 2023-01-06</subfield>
<subfield code="a">masmit 2023-02-14</subfield>
<subfield code="a">vmor 2023-02-23;</subfield>
<subfield code="a">ahoo 2023-02-23</subfield>
<subfield code="a">masmit 2023-02-27</subfield>
<subfield code="a">masmit 2023-09-18</subfield>
<subfield code="a">masmit 2024-02-20</subfield>
<subfield code="a">masmit 2024-03-04</subfield>
<subfield code="a">fcundiff 2024-03-06</subfield>
<subfield code="a">masmit 2024-03-07</subfield>
<subfield code="a">sludewig 2024-05-16</subfield>
</datafield>
<datafield ind1=" " ind2=" " tag="010">
<subfield code="a"> 2022655269</subfield>
</datafield>
<datafield ind1=" " ind2=" " tag="040">
<subfield code="a">DLC</subfield>
<subfield code="b">eng</subfield>
<subfield code="e">dacs</subfield>
<subfield code="c">DLC</subfield>
<subfield code="d">DLC</subfield>
<subfield code="d">DLC</subfield>
</datafield>
<datafield ind1=" " ind2=" " tag="043">
<subfield code="a">n-us-nm</subfield>
</datafield>
<datafield ind1=" " ind2=" " tag="090">
<subfield code="a">RYS 1875-1884; RYS 2106-2118</subfield>
</datafield>
<datafield ind1=" " ind2=" " tag="090">
<subfield code="a">AFC 2022/001</subfield>
</datafield>
<datafield ind1="0" ind2="0" tag="245">
<subfield code="a">
Laurie Beth Kalb Cosmo collection of New Mexico folklife documentation,
</subfield>
<subfield code="f">1976-1992,</subfield>
<subfield code="g">bulk 1984-1986.</subfield>
</datafield>
<datafield ind1="3" ind2=" " tag="246">
<subfield code="a">
Laurie Kalb Cosmo collection of New Mexico folklife documentation
</subfield>
</datafield>
<datafield ind1=" " ind2=" " tag="300">
<subfield code="3">whole collection</subfield>
<subfield code="a">approximately 2,469</subfield>
<subfield code="f">items</subfield>
</datafield>
<datafield ind1=" " ind2=" " tag="300">
<subfield code="3">sound recordings</subfield>
<subfield code="a">23 sound cassettes :</subfield>
<subfield code="b">analog</subfield>
</datafield>
<datafield ind1=" " ind2=" " tag="300">
<subfield code="3">graphic materials</subfield>
<subfield code="a">1,283 slides :</subfield>
<subfield code="b">black and white, color ;</subfield>
<subfield code="c">35 mm</subfield>
</datafield>
<datafield ind1=" " ind2=" " tag="300">
<subfield code="3">graphic materials</subfield>
<subfield code="a">95 transparencies :</subfield>
<subfield code="b">color, positive ;</subfield>
<subfield code="c">2 1/4 x 2 1/4 in.</subfield>
</datafield>
<datafield ind1=" " ind2=" " tag="300">
<subfield code="3">graphic materials</subfield>
<subfield code="a">227 negative frames (in 43 strips) :</subfield>
<subfield code="b">black and white, color ;</subfield>
<subfield code="c">35 mm</subfield>
</datafield>
<datafield ind1=" " ind2=" " tag="300">
<subfield code="3">graphic materials</subfield>
<subfield code="a">79 photographic prints :</subfield>
<subfield code="b">black and white ;</subfield>
<subfield code="c">various sizes</subfield>
</datafield>
<datafield ind1=" " ind2=" " tag="300">
<subfield code="3">graphic materials</subfield>
<subfield code="a">45 photographic prints :</subfield>
<subfield code="b">color ;</subfield>
<subfield code="c">various sizes</subfield>
</datafield>
<datafield ind1=" " ind2=" " tag="300">
<subfield code="3">graphic materials</subfield>
<subfield code="a">15 contact sheets :</subfield>
<subfield code="b">black and white</subfield>
</datafield>
<datafield ind1=" " ind2=" " tag="300">
<subfield code="3">graphic materials</subfield>
<subfield code="a">2 contact sheets :</subfield>
<subfield code="b">color</subfield>
</datafield>
<datafield ind1=" " ind2=" " tag="300">
<subfield code="3">manuscripts</subfield>
<subfield code="a">2</subfield>
<subfield code="f">containers (</subfield>
<subfield code="a">10</subfield>
<subfield code="f">linear inches)</subfield>
</datafield>
<datafield ind1=" " ind2=" " tag="520">
<subfield code="a">
Manuscripts, correspondence, photographs, and audio recordings related to the New Mexico Folklife Project collection (AFC 1991/032) collected in 1984 and 1985. Dr. Laurie Beth Kalb Cosmo represented the Museum of International Folk Art (Santa Fe) on the project and conducted fieldwork with Carl Fleischhauer, consultant, of the American Folklife Center. This collection also includes fieldwork related to Dr. Cosmo's M.A. (1985) and Ph.D. (1992) theses at the University of Pennsylvania and other projects.
</subfield>
</datafield>
<datafield ind1="8" ind2=" " tag="524">
<subfield code="a">
Laurie Beth Kalb Cosmo collection of New Mexico folklife documentation (AFC 2022/001), American Folklife Center, Library of Congress, Washington, D.C.
</subfield>
</datafield>
<datafield ind1="0" ind2=" " tag="506">
<subfield code="a">
Collection is open for research. To request materials, please contact the Folklife Reading Room at
</subfield>
<subfield code="u">https://hdl.loc.gov/loc.afc/folklife.contact</subfield>
</datafield>
<datafield ind1=" " ind2=" " tag="540">
<subfield code="a">
The rights in this collection held by Laurie Kalb Cosmo are governed by copyright for her lifetime, after which they enter the public domain. While the collection is still under copyright patrons may reuse materials under the Creative Commons Attribution-NonCommercial 4.0
</subfield>
<subfield code="u">https://creativecommons.org/licenses/by-nc/4.0/</subfield>
</datafield>
<datafield ind1=" " ind2=" " tag="540">
<subfield code="a">
Rights held by third parties may be governed by copyright or other restrictions.
</subfield>
</datafield>
<datafield ind1=" " ind2=" " tag="541">
<subfield code="a">Dr. Laurie Kalb Cosmo;</subfield>
<subfield code="c">Donation;</subfield>
<subfield code="d">2022.</subfield>
</datafield>
<datafield ind1=" " ind2=" " tag="545">
<subfield code="a">
Dr. Laurie Beth Kalb Cosmo is currently a lecturer at the University of Leiden University Center, for the Arts in Society in The Netherlands. Before relocating to Europe, Dr. Cosmo worked as a curator and museum administrator at Craft and Folk Art Museum, Los Angeles; Autry Museum of the American West; Peabody Essex Museum; and Boston Museum of Fine Arts. In the 1980s, Dr. Kalb Cosmo participated in two projects where she worked alongside Carl Fleischhauer and Boyd Pratt in New Mexico. Cosmo documented the art of Hispanic carvers in northern New Mexico while working on the New Mexico Folklife Project. A year later she contributed to survey historic architecture in the northeastern quadrant of New Mexico. Cosmo authored two books from the project, Crafting Devotions: Tradition in Contemporary New Mexico Santos and Santos Statues  and  Sculpture: Contemporary Woodcarving from New Mexico.
</subfield>
</datafield>
<datafield ind1=" " ind2=" " tag="546">
<subfield code="a">In English and Spanish.</subfield>
</datafield>
<datafield ind1="0" ind2=" " tag="555">
<subfield code="a">Finding aid is available online</subfield>
<subfield code="u">https://hdl.loc.gov/loc.afc/eadafc.af023006</subfield>
</datafield>
<datafield ind1=" " ind2="0" tag="650">
<subfield code="a">Folk art</subfield>
<subfield code="z">New Mexico.</subfield>
</datafield>
<datafield ind1=" " ind2="0" tag="650">
<subfield code="a">Hispanic American art</subfield>
<subfield code="z">New Mexico.</subfield>
</datafield>
<datafield ind1=" " ind2="0" tag="650">
<subfield code="a">Santos (Art)</subfield>
<subfield code="z">New Mexico.</subfield>
</datafield>
<datafield ind1=" " ind2="0" tag="650">
<subfield code="a">Vernacular architecture</subfield>
<subfield code="z">New Mexico.</subfield>
</datafield>
<datafield ind1=" " ind2="0" tag="651">
<subfield code="a">New Mexico</subfield>
<subfield code="v">Folklore.</subfield>
</datafield>
<datafield ind1=" " ind2="0" tag="651">
<subfield code="a">New Mexico</subfield>
<subfield code="x">Social life and customs.</subfield>
</datafield>
<datafield ind1=" " ind2="7" tag="655">
<subfield code="a">Articles.</subfield>
<subfield code="2">aat</subfield>
</datafield>
<datafield ind1=" " ind2="7" tag="655">
<subfield code="a">Color slides.</subfield>
<subfield code="2">afset</subfield>
</datafield>
<datafield ind1=" " ind2="7" tag="655">
<subfield code="a">Conference papers and proceedings.</subfield>
<subfield code="2">lcgft</subfield>
</datafield>
<datafield ind1=" " ind2="7" tag="655">
<subfield code="a">Correspondence.</subfield>
<subfield code="2">gmgpc</subfield>
</datafield>
<datafield ind1=" " ind2="7" tag="655">
<subfield code="a">Exhibition catalogs.</subfield>
<subfield code="2">lcgft</subfield>
</datafield>
<datafield ind1=" " ind2="7" tag="655">
<subfield code="a">Field notes.</subfield>
<subfield code="2">lcgft</subfield>
</datafield>
<datafield ind1=" " ind2="7" tag="655">
<subfield code="a">Field recordings.</subfield>
<subfield code="2">lcgft</subfield>
</datafield>
<datafield ind1=" " ind2="7" tag="655">
<subfield code="a">Interviews.</subfield>
<subfield code="2">lcgft</subfield>
</datafield>
<datafield ind1=" " ind2="7" tag="655">
<subfield code="a">Photographs.</subfield>
<subfield code="2">lcgft</subfield>
</datafield>
<datafield ind1="1" ind2=" " tag="700">
<subfield code="a">Kalb, Laurie Beth,</subfield>
<subfield code="e">collector.</subfield>
</datafield>
<datafield ind1=" " ind2=" " tag="852">
<subfield code="a">Library of Congress</subfield>
<subfield code="b">American Folklife Center,</subfield>
<subfield code="e">
101 Independence Ave. S.E., Washington, DC USA 20540-4610
</subfield>
<subfield code="u">https://hdl.loc.gov/loc.afc/folklife.home</subfield>
</datafield>
<datafield ind1="4" ind2="2" tag="856">
<subfield code="3">Finding aid</subfield>
<subfield code="u">https://hdl.loc.gov/loc.afc/eadafc.af023006</subfield>
</datafield>
<datafield ind1=" " ind2=" " tag="985">
<subfield code="a">afc/coll</subfield>
</datafield>
<datafield ind1=" " ind2=" " tag="985">
<subfield code="a">afc/ead</subfield>
</datafield>
</record>
</collection>